@misc{Xbox,
    title = "{The Complete List of Kinect Gesture and Voice Commands For Your Referencing Pleasure}",
    author = "{Xbox Wire Staff}",
    journal = "{news.xbox.com}",
    year = "2013",
    howpublished = {http://news.xbox.com/2013/11/xbox-one-kinect-gesture-and-voice-guide}
}
