@misc{TwitterTV,
    title = "{Watching Together: Twitter and TV}",
    author = "Twitter",
    journal = "Twitter Blog",
    year = "2011",
    type = "Blog",
    howpublished = {\url{http://https://blog.twitter.com/2011/watching-together-twitter-and-tv}}
}
@article{MashableChris,
    author = "Christina Warren",
    year = "2013",
    title = "{Chris Gorham Leverages the Second Screen For TV Success}",
    journal = "Mashable"
}
@article{MashableSmartGlass,
    author = "Christina Warren",
    year = "2012",
    title = "{Xbox SmartGlass Brings the Second Screen to Games and Videos}",
    journal = "Mashable"
}
@inproceedings{IEEE_EFS,
    author = "{Richardo Mendes Costa Segundo} and {Celso Alberto Saibel Santos}",
    year = "2013",
    title = "Second screen event flow synchonization",
    booktitle = "{2013 IEEE International Symposium on Broadband Multimedia Systems and Broadcasting}"
}
@misc{wiki_second_screen,
   author = "Wikipedia",
   title = "Second Screen",
   url = "http://en.wikipedia.org/wiki/Second_screen#History",
   note = "[Online; accessed 3-November-2013]"
 }
